<?xml version="1.0" encoding="UTF-8"?><record xmlns="http://www.loc.gov/MARC21/slim" xmlns:cinclude="http://apache.org/cocoon/include/1.0" xmlns:zs="http://www.loc.gov/zing/srw/">
  <leader>00490nz  a2200133n  4500</leader>
  <controlfield tag="001">no2011131722</controlfield>
  <controlfield tag="003">DLC</controlfield>
  <controlfield tag="005">20110826075232.0</controlfield>
  <controlfield tag="008">110824n| acannaabn          |n aaa     c</controlfield>
  <datafield tag="010" ind1=" " ind2=" ">
    <subfield code="a">no2011131722</subfield>
  </datafield>
  <datafield tag="035" ind1=" " ind2=" ">
    <subfield code="a">(OCoLC)oca08954884</subfield>
  </datafield>
  <datafield tag="040" ind1=" " ind2=" ">
    <subfield code="a">PSt</subfield>
    <subfield code="b">eng</subfield>
    <subfield code="c">PSt</subfield>
  </datafield>
  <datafield tag="100" ind1="1" ind2=" ">
    <subfield code="a">Gillich, Patrick</subfield>
  </datafield>
  <datafield tag="670" ind1=" " ind2=" ">
    <subfield code="a">Lethality of bursting munitions and their effect on survivability, 2011:</subfield>
    <subfield code="b">t.p. (Patrick Gillich; Survivability/Lethality Analysis Directorate, ARL [Army Research Lab.], Aberdeen Proving Ground, MD)</subfield>
  </datafield>
</record>